<?xml version="1.0" encoding="UTF-8"?>
<record>
  <leader>01074nam#a2200277#cc4500</leader>
  <controlfield tag="005">20210409121815.0</controlfield>
  <controlfield tag="007">tu</controlfield>
  <controlfield tag="008">150430|2015####xxu###########|||#|#eng#c</controlfield>
  <controlfield tag="003">DE-605</controlfield>
  <controlfield tag="001">990207856340206441</controlfield>
  <datafield tag="016" ind1="7" ind2=" ">
    <subfield code="a">1076005387</subfield>
    <subfield code="2">OCoLC</subfield>
  </datafield>
  <datafield tag="033" ind1=" " ind2=" ">
    <subfield code="a">2014</subfield>
  </datafield>
  <datafield tag="035" ind1=" " ind2=" ">
    <subfield code="a">(DE-605)HT018627673</subfield>
  </datafield>
  <datafield tag="040" ind1=" " ind2=" ">
    <subfield code="c">DE-605</subfield>
    <subfield code="a">38 M</subfield>
    <subfield code="b">ger</subfield>
    <subfield code="d">38 M</subfield>
    <subfield code="e">rakwb</subfield>
  </datafield>
  <datafield tag="041" ind1=" " ind2=" ">
    <subfield code="a">eng</subfield>
  </datafield>
  <datafield tag="044" ind1=" " ind2=" ">
    <subfield code="c">XD-US</subfield>
  </datafield>
  <datafield tag="110" ind1="2" ind2=" ">
    <subfield code="a">Society for Surgery of the Alimentary Tract</subfield>
    <subfield code="0">(DE-588)8345-8</subfield>
    <subfield code="4">aut</subfield>
    <subfield code="9">O:H</subfield>
    <subfield code="0">https://portal.dnb.de/opac.htm?method=simpleSearch&amp;cqlMode=true&amp;query=idn=000083453</subfield>
    <subfield code="0">http://viaf.org/viaf/sourceID/DNB|000083453</subfield>
    <subfield code="B">GND-000083453</subfield>
  </datafield>
  <datafield tag="245" ind1="1" ind2="0">
    <subfield code="a">SSAT annual meeting</subfield>
    <subfield code="b">[presented at the ... annual meeting of the Society for Surgery of the Alimentary Tract]</subfield>
    <subfield code="n">[55]</subfield>
    <subfield code="p">[May 2 - 6, 2014 Chicago, Illinois]</subfield>
  </datafield>
  <datafield tag="264" ind1=" " ind2="1">
    <subfield code="a">Baltimore, MD</subfield>
    <subfield code="c">2015</subfield>
  </datafield>
  <datafield tag="035" ind1=" " ind2=" ">
    <subfield code="a">(OCoLC)1076005387</subfield>
  </datafield>
  <datafield tag="035" ind1=" " ind2=" ">
    <subfield code="a">(DE-599)HBZHT018627673</subfield>
  </datafield>
  <datafield tag="964" ind1="0" ind2="s">
    <subfield code="F">030</subfield>
    <subfield code="A">a|1uc||||||||</subfield>
  </datafield>
  <datafield tag="964" ind1="0" ind2="s">
    <subfield code="F">050</subfield>
    <subfield code="A">a|||||||||||||</subfield>
  </datafield>
  <datafield tag="751" ind1=" " ind2=" ">
    <subfield code="a">Chicago, Ill.</subfield>
    <subfield code="0">(DE-588)4009921-0</subfield>
    <subfield code="4">evp</subfield>
    <subfield code="0">https://portal.dnb.de/opac.htm?method=simpleSearch&amp;cqlMode=true&amp;query=idn=040099210</subfield>
    <subfield code="0">http://viaf.org/viaf/sourceID/DNB|040099210</subfield>
    <subfield code="B">GND-040099210</subfield>
  </datafield>
  <datafield tag="773" ind1="0" ind2="8">
    <subfield code="w">(DE-605)HT013485005</subfield>
    <subfield code="q">55</subfield>
  </datafield>
  <datafield tag="773" ind1="0" ind2="8">
    <subfield code="i">Enthalten in</subfield>
    <subfield code="t">Journal of gastrointestinal surgery</subfield>
    <subfield code="d">New York, NY</subfield>
    <subfield code="g">19 (2015),4, S. 581 - 612 : Ill., graph. Darst.</subfield>
    <subfield code="g">19 (2015),6, S. 987 - 1014 : Ill., graph. Darst.</subfield>
    <subfield code="w">(DE-600)2012365-6</subfield>
  </datafield>
  <datafield tag="MBD" ind1=" " ind2=" ">
    <subfield code="M">49HBZ_NETWORK</subfield>
    <subfield code="i">990207856340206441</subfield>
    <subfield code="n">HBZ Network</subfield>
  </datafield>
  <datafield tag="MBD" ind1=" " ind2=" ">
    <subfield code="M">49HBZ_ZBM</subfield>
    <subfield code="i">991008179549706472</subfield>
    <subfield code="n">ZB MED</subfield>
  </datafield>
  <datafield tag="MNG" ind1=" " ind2=" ">
    <subfield code="c">System</subfield>
    <subfield code="f">OTHER</subfield>
    <subfield code="i">marc21</subfield>
    <subfield code="k">01</subfield>
    <subfield code="e">false</subfield>
    <subfield code="d">2023-06-04 08:57:42 Europe/Berlin</subfield>
    <subfield code="g">020785634-HBZ01</subfield>
    <subfield code="j">60</subfield>
    <subfield code="a">import</subfield>
    <subfield code="b">2021-04-05 21:22:52 Europe/Berlin</subfield>
  </datafield>
  <datafield tag="GKT" ind1="2" ind2=" ">
    <subfield code="a">SSAT</subfield>
    <subfield code="4">abku</subfield>
    <subfield code="i">Abkuerzung</subfield>
    <subfield code="A">GND</subfield>
    <subfield code="B">GND-000083453</subfield>
    <subfield code="C">410</subfield>
  </datafield>
  <datafield tag="GSI" ind1="7" ind2=" ">
    <subfield code="a">8345-8</subfield>
    <subfield code="0">http://d-nb.info/gnd/8345-8</subfield>
    <subfield code="2">gnd</subfield>
    <subfield code="A">GND</subfield>
    <subfield code="B">GND-000083453</subfield>
    <subfield code="C">024</subfield>
  </datafield>
  <datafield tag="GSI" ind1="7" ind2=" ">
    <subfield code="a">4009921-0</subfield>
    <subfield code="0">http://d-nb.info/gnd/4009921-0</subfield>
    <subfield code="2">gnd</subfield>
    <subfield code="A">GND</subfield>
    <subfield code="B">GND-040099210</subfield>
    <subfield code="C">024</subfield>
  </datafield>
  <datafield tag="GSI" ind1="7" ind2=" ">
    <subfield code="a">4887398</subfield>
    <subfield code="2">geonames</subfield>
    <subfield code="A">GND</subfield>
    <subfield code="B">GND-040099210</subfield>
    <subfield code="C">024</subfield>
  </datafield>
  <datafield tag="GGN" ind1=" " ind2=" ">
    <subfield code="a">Č'ikago</subfield>
    <subfield code="A">GND</subfield>
    <subfield code="B">GND-040099210</subfield>
    <subfield code="C">451</subfield>
  </datafield>
  <datafield tag="GGN" ind1=" " ind2=" ">
    <subfield code="a">Chicago</subfield>
    <subfield code="A">GND</subfield>
    <subfield code="B">GND-040099210</subfield>
    <subfield code="C">451</subfield>
  </datafield>
  <datafield tag="GGN" ind1=" " ind2=" ">
    <subfield code="a">Shiḳago</subfield>
    <subfield code="A">GND</subfield>
    <subfield code="B">GND-040099210</subfield>
    <subfield code="C">451</subfield>
  </datafield>
</record>
